<?xml version="1.0" encoding="UTF-8"?><collection xmlns="http://www.loc.gov/MARC21/slim"><record><leader>00383nam--2200133-i-4500</leader><controlfield tag="001">000008273</controlfield><controlfield tag="002">20161230</controlfield><controlfield tag="005">20161230201027</controlfield><controlfield tag="008">060222s1000------------r-----000-0-eng-d</controlfield><datafield ind1=" " ind2=" " tag="080"><subfield code="a">621.391:681.3</subfield></datafield><datafield ind1=" " ind2=" " tag="100"><subfield code="a">Blackman. R.B</subfield></datafield><datafield ind1=" " ind2=" " tag="245"><subfield code="a">Linear data-smoothing and prediction in theory and practice</subfield></datafield><datafield ind1=" " ind2=" " tag="260"><subfield code="a">Reading/Mass., Addison-wesley Publ. Co., 1965. Xiii + 182 P</subfield></datafield><datafield ind1=" " ind2=" " tag="852"><subfield code="a">27698</subfield></datafield></record></collection>